@BOOK{Wong,
author = "R. Wong",
title = "Asymptotic Approximations of Integrals",
address = "NY.",
publisher = "SIAM",
year = 2001,
numpages = 543,
language = "english"
}
 
@BOOK{Lavrentyev,
author = "Лаврентьев М.А and Шабат Б.В.",
title = "Методы теории функций комплексного переменного",
address = "М.",
publisher = "Главная редакция физико-математической литературы изд-ва «Наука»",
year = 1973,
numpages = 736,
language = "russian"
}

@BOOK{tarasevych,
author = "Тарасевич Ю.Ю.",
title = "Численные методы на Mathcad’е",
address = "Астрахань",
publisher = "Астраханский гос. пед. ун-т",
year = 2000,
numpages = 70,
language = "russian"
}

@BOOK{spec,
author = "Абрамовиц М. and Стиган И.",
title = "Справочник по специальным функциям",
address = "М.",
publisher = "Наука",
year = 1979,
numpages = 832,
language = "russian"
}

@BOOK{Fedoryuk,
author = "Федорюк М.В.",
title = "Метод перевала",
address = "М.",
publisher = "Главная редакция физико-математической литературы изд-ва «Наука»",
year = 1977,
numpages = 368,
language = "russian"
}

И.Г. Араманович, В.И. Левин

@BOOK{Urmat,
author = "Араманович И.Г. and Левин В.И.",
title = "Уравнения математической физики",
address = "М.",
publisher = "Наука",
year = 1969,
numpages = 288,
language = "russian"
}

@article{20,
    author =       "M. V. Frolov and N.L. Manankov, E.A. Pronin and A.F. Starace",
    journal =      "Phys. Rev. Lett.",
    volume =       "91",
    number =       "052003",
    year =         "2003",
}

@article{21,
    author =       "M. V. Frolov and A.F. Starance",
    journal =      "Physical Review A",
    volume =       "78",
    number =       "063418",
    year =         "2003",
}

@article{7,
    author =       "D. B. Milosevic and G.G. Paulus and D. Bauer and W. Becker",
    journal =      "J, Phys. B",
    volume =       "39",
    note =       "R203",
    year =         "2006",
}

@article{main,
    author =       "M.V. Frolov, D.V. Knyazeva, N.L. Manankov, Ji-Wei Geng",
    journal =      "Physical Review A",
    volume =       "89",
    note =       "063419",
    year =         "2014",
}

@MISC{gsl:website,
      AUTHOR = "Mark Galassi",
      TITLE = "GSL - GNU Scientific Library"
      NOTE = "https://www.gnu.org/software/gsl/"
}

@MISC{fftw:website,
      AUTHOR = "Matteo Frigo and Steven G. Johnson",
      TITLE = "FFTW",
      NOTE = "http://www.fftw.org/index.html"
}

@BOOK{nrc,
	author = "William H. Press and Saul A. Teukolsky and William T. Vetterling and Brian P. Flannery",
	title = "Numerical Recipes in C",
	address = "NY",
	publisher = "Press Syndicate of the University of Cambridge",
	year = 2002,
	numpages = 949,
	language = "english"
}
