@STRING{ADV = {Adv. At., Mol., Opt. Phys.}}


@inbook{almanah,
  author       = "А. В. Немухин and Б. Л. Григоренко", 
  title        = "Многоуровневое моделирование сложных химических систем, или за что присуждена Нобелевская премия по химии 2013 года",
  booktitle    = "Суперкомпьютерные технологии в науке, образовании и промышленности",
  pages        = "5-10",
  publisher    = "Издательство Московского Государственного Университета",
  editor       = "В. А. Садовничий and Г. И. Савин and Вл. В. Воеводин",
  year         = 2013,
  address      = "М.",
  language = "russian"
}

@inbook{parall,
  author       = {T. Birkeland and T. S{\o}revik}, 
  title        = {Parallel Pseudo-Spectral Methods for the Time-Dependent Schr\"{o}dinger Equation},
  booktitle    = {Parallel Computing. Numerics, Applications, and Trends},
  pages        = {261-279},
  publisher    = {Springer},
  editor       = {R. Trobec, M. Vajter\v{s}ic, P. Zinterhof},
  year         = 2009,
  address      = {Dordrecht, Heidelberg, London, New York},
  language = {english}
}


@ARTICLE{SalScience01,
  author = {Salieres, P. and Carre, B. and Le Deroff, L. and Grasbon, F. and
	Paulus, G. G. and Walther, H. and Kopold, R. and Becker, W. and Milo{\v{s}}evi{\'{c}},
	D. B. and Sanpera, A. and Lewenstein, M.},
  title = {Feynman's path-integral approach for intense-laser-atom interactions},
  journal = {Science},
  year = {2001},
  volume = {292},
  pages = {902-905}
}

@ARTICLE{ADVBecker2002,
  author = {W Becker and F Grasbon and R Kopold and D B Milo{\v{s}}evi{\'{c}} and G G Paulus and H Walther},
  title = {Above threshold ionization: {F}rom classical features to quantum	effects},
  journal = ADV,
  year = {2002},
  volume = {48},
  pages = {35-98}
}

@ARTICLE{MEAdv03,
  author = {D B Milo{\v{s}}evi{\'{c}} and F Ehlotzky},
  title = {Scattering and reaction processes in powerfull laser fields},
  journal = ADV,
  year = {2003},
  volume = {49},
  pages = {373-532}
}


@BOOK{Wong,
author = "R. Wong",
title = "Asymptotic Approximations of Integrals",
address = "NY.",
publisher = "SIAM",
year = 2001,
pages = 543,
language = "english"
}
 
@BOOK{Lavrentyev,
author = "М. А. Лаврентьев and Б.В. Шабат",
title = "Методы теории функций комплексного переменного",
address = "М.",
publisher = "Главная редакция физико-математической литературы изд-ва «Наука»",
year = 1973,
pages = 736,
language = "russian"
}

@BOOK{tarasevych,
author = "Ю. Ю. Тарасевич",
title = "Численные методы на Mathcad’е",
address = "Астрахань",
publisher = "Астраханский гос. пед. ун-т",
year = 2000,
pages = 70,
language = "russian"
}

@BOOK{LL,
  title = "Квантовая механика",
  publisher = "Наука",
  address = "М.",
  year = 1989,
  author = "Ландау, Л. Д. and Лифшиц, Е. М.",
  pages = 768,
  language = "russian"
}

@BOOK{spec,
author = "Абрамовиц, М. and Стиган, И.",
title = "Справочник по специальным функциям",
address = "М.",
publisher = "Наука",
year = 1979,
numpages = 832,
language = "russian"
}

@BOOK{Fedoryuk,
author = "Федорюк, М. В.",
title = "Метод перевала",
address = "М.",
publisher = "Главная редакция физико-математической литературы изд-ва «Наука»",
year = 1977,
numpages = 368,
language = "russian"
}


@BOOK{Urmat,
author = "Араманович, И. Г. and Левин, В. И.",
title = "Уравнения математической физики",
address = "М.",
publisher = "Наука",
year = 1969,
pages = 288,
language = "russian"
}

@ARTICLE{FFMSZPRA13,
  author = {Flegel, A. V. and Frolov, M. V. and Manakov, N. L. and Starace, Anthony
	F. and Zheltukhin, A. N.},
  title = {Analytic description of elastic electron-atom scattering in an elliptically
	polarized laser field},
  journal = PRA,
  year = {2013},
  volume = {87},
  pages = {013404},
  issue = {1},
  numpages = {18},
  publisher = {American Physical Society}
}

@ARTICLE{FFMZJPB09,
  author = {A. V. Flegel and M. V. Frolov and N. L. Manakov and A. N. Zheltukhin},
  title = {Analytic description of the high-energy plateau in laser-assisted
	electron-atom scattering},
  journal = JPB,
  year = {2009},
  volume = {42},
  pages = {241002},
  number = {24}
}

@ARTICLE{main,
  author = {Frolov, M. V. and Knyazeva, D. V. and Manakov, N. L. and Geng, Ji-Wei
	and Peng, Liang-You and Starace, Anthony F.},
  title = {Analytic model for the description of above-threshold ionization
	by an intense short laser pulse},
  journal = PRA,
  year = {2014},
  volume = {89},
  pages = {063419},
  issue = {6},
  numpages = {18}
}


@article{20,
    title = "Model-Independent Quantum Approach for Intense Laser Detachment of a Weakly Bound Electron",
    author =       "M. V. Frolov and N.L. Manankov and E.A. Pronin and A.F. Starace",
    journal =      "Phys. Rev. Lett.",
    volume =       "91",
    note =       "052003",
    year =         "2003",
    language = "english"
}

@article{21,
    title = "Effective-range theory for an electron in a short-range potential and a laser field",
    author =       "M. V. Frolov and N.L. Manakov and A.F. Starace",
    journal =      "Phys. Rev. A",
    volume =       "78",
    note =       "063418",
    year =         "2008",
    language = "english"
}

@article{7,
    title = "Ionization by few-cycle pulses: Tracing the electron orbits",
    author =       "D. B. Milosevic and G. G. Paulus and D. Bauer and W. Becker",
    journal =      "Phys. Rev. A",
    volume =       "71",
    note =       "061404",
    year =         "2005",
    language = "english"
}

@article{12,
    title = "Accurate Retrieval of Structural Information from Laser-Induced Photoelectron and High-Order Harmonic Spectra by Few-Cycle Laser Pulses",
    author =       "T. Morishita and A.-T. Le and Z. Chen and C. D. Lin",
    journal =      "Phys. Rev. Lett.",
    volume =       "100",
    note =       "013903",
    year =         "2008",
    language = "english"
}


@MISC{gsl:website,
      AUTHOR = "Mark Galassi",
      TITLE = "GSL - GNU Scientific Library",
      YEAR = "2016",
      NOTE = "URL: https://www.gnu.org/software/gsl/ (дата обращения 03.01.17)"
}

@MISC{fftw:website,
      AUTHOR = "Matteo Frigo and Steven Johnson",
      TITLE = "FFTW - Home Page",
      YEAR = "2017",
      NOTE = "URL: http://www.fftw.org/index.html (дата обращения 20.12.16)"
}

@MISC{gsl:website2,
      AUTHOR = "Mark Galassi",
      TITLE = "GNU Reference Manual",
      YEAR = "2016",
      NOTE = "URL: https://www.gnu.org/software/gsl/manual/html\_node/ (дата обращения 03.01.17)"
}

@BOOK{nrc,
	author = "William H. Press and Saul A. Teukolsky and William T. Vetterling and Brian P. Flannery",
	title = "Numerical Recipes in C",
	address = "NY",
	publisher = "Press Syndicate of the University of Cambridge",
	year = 2002,
	pages = 949,
	language = "english"
}
