@BOOK{Wong,
author = "R. Wong",
title = "Asymptotic Approximations of Integrals",
address = "NY.",
publisher = "SIAM",
year = 2001,
pages = 543,
language = "english"
}
 
@BOOK{Lavrentyev,
author = "Лаврентьев М.А and Шабат Б.В.",
title = "Методы теории функций комплексного переменного",
address = "М.",
publisher = "Главная редакция физико-математической литературы изд-ва «Наука»",
year = 1973,
pages = 736,
language = "russian"
}

@BOOK{tarasevych,
author = "Тарасевич Ю.Ю.",
title = "Численные методы на Mathcad’е",
address = "Астрахань",
publisher = "Астраханский гос. пед. ун-т",
year = 2000,
pages = 70,
language = "russian"
}

@BOOK{spec,
author = "Абрамовиц М. and Стиган И.",
title = "Справочник по специальным функциям",
address = "М.",
publisher = "Наука",
year = 1979,
numpages = 832,
language = "russian"
}

@BOOK{Fedoryuk,
author = "Федорюк М.В.",
title = "Метод перевала",
address = "М.",
publisher = "Главная редакция физико-математической литературы изд-ва «Наука»",
year = 1977,
numpages = 368,
language = "russian"
}

И.Г. Араманович, В.И. Левин

@BOOK{Urmat,
author = "Араманович И.Г. and Левин В.И.",
title = "Уравнения математической физики",
address = "М.",
publisher = "Наука",
year = 1969,
pages = 288,
language = "russian"
}

@article{20,
    title = "Model-Independent Quantum Approach for Intense Laser Detachment of a Weakly Bound Electron",
    author =       "M. V. Frolov and N.L. Manankov and E.A. Pronin and A.F. Starace",
    journal =      "Phys. Rev. Lett.",
    volume =       "91",
    note =       "052003",
    year =         "2003",
    language = "english"
}

@article{21,
    title = "Effective-range theory for an electron in a short-range potential and a laser field",
    author =       "M. V. Frolov and N.L. Manakov and A.F. Starace",
    journal =      "Phys. Rev. A",
    volume =       "78",
    note =       "063418",
    year =         "2008",
    language = "english"
}

@article{7,
    title = "Ionization by few-cycle pulses: Tracing the electron orbits",
    author =       "D. B. Milosevic and G.G. Paulus and D. Bauer and W. Becker",
    journal =      "Phys. Rev. A",
    volume =       "71",
    note =       "061404",
    year =         "2005",
    language = "english"
}

@article{12,
    title = "Accurate Retrieval of Structural Information from Laser-Induced Photoelectron and High-Order Harmonic Spectra by Few-Cycle Laser Pulses",
    author =       "T. Morishita and A.-T. Le and Z. Chen and C. D. Lin",
    journal =      "Phys. Rev. Lett.",
    volume =       "100",
    note =       "013903",
    year =         "2008",
    language = "english"
}

@article{main,
    title = "Analytic model for the description of above-threshold ionization by an intense short laser pulse", 
    author =       "M.V. Frolov and D.V. Knyazeva and N.L. Manankov and Ji-Wei Geng",
    journal =      "Phys Rev A",
    volume =       "89",
    note =       "063419",
    year =         "2014",
    language = "english"
}

@MISC{gsl:website,
      AUTHOR = "Mark Galassi",
      TITLE = "GSL - GNU Scientific Library",
      YEAR = "2016",
      NOTE = "[Сайт] URL: https://www.gnu.org/software/gsl/ (дата обращения 03.01.17)"
}

@MISC{fftw:website,
      AUTHOR = "Matteo Frigo and Steven Johnson",
      TITLE = "FFTW - Home Page",
      YEAR = "2017",
      NOTE = "[Сайт] URL: http://www.fftw.org/index.html (дата обращения 20.12.16)"
}

@MISC{gsl:website2,
      AUTHOR = "Mark Galassi",
      TITLE = "GNU Reference Manual",
      YEAR = "2016",
      NOTE = "[Сайт] URL: https://www.gnu.org/software/gsl/manual/html\_node/ (дата обращения 03.01.17)"
}

@BOOK{nrc,
	author = "William H. Press and Saul A. Teukolsky and William T. Vetterling and Brian P. Flannery",
	title = "Numerical Recipes in C",
	address = "NY",
	publisher = "Press Syndicate of the University of Cambridge",
	year = 2002,
	pages = 949,
	language = "english"
}
